@BOOK{a:1,
   title = {A-Star Winter Math Camp AMC 10/12 Handout},
   publisher = {Star League},
   author = {A-Star},
   year = {2015}
}